1801 3042
258 89 1131 141 EPIcvRvs.L113.x.
1341 81 1466 164 385]

16 179 19 182 ’
52 174 242 245 culpare
257 175 490 244 pofl‘emus
507 209 523 233 ,
551 175 764 243 vndique
793 176 1112 246 voluptatibus
1143 178 1416 231 hauriendis
1450 169 1493 232 Ᾱ

49 245 271 293 instantes
290 277 307 300 ,
322 242 544 309 nullaque
561 262 614 291 ex
633 260 762 310 parte
782 263 935 311 neque
963 248 1092 314 quod
1111 246 1289 295 doleret
1303 280 1318 302 ‚
1336 267 1418 297 nei

50 328 145 376 que
171 311 303 378 quod
320 326 506 379 vrgeret
532 308 759 360 habentes
781 346 791 358 .
809 313 961 378 Qod
992 314 1209 379 profesto
1239 312 1417 362 malum

51 379 231 435 foi-et,fi
247 376 370 426 nihil
382 394 470 425 nos
486 375 734 425 caelestium
753 376 1035 444 suspiciones
1069 380 1418 446 perturbarent:

51 462 209 511 neque
224 448 396 492 mortis
416 446 603 508 opinio,
616 444 646 491 fi
661 441 783 492 nihil
800 464 892 494 nos
924 462 1139 494 moueret
1154 480 1170 502 ,
1185 462 1262 493 aut
1291 445 1419 495 aliud

55 516 322 578 quippiam.
342 509 495 579 Qod
513 508 544 557 fi
563 508 714 559 adhuc
731 530 829 560 non
844 512 1059 561 dubitem
1076 513 1267 561 scrutari
1283 511 1422 561 dolo-

52 595 164 628 rum
179 595 234 626 ac
253 576 553 644 voluptatum
571 577 707 635 fines,
726 597 825 628 non
840 580 1156 648 indigeremus
1175 577 1415 644 physiolo-

51 648 151 713 gia,
165 663 250 693 nec
269 643 431 694 liceret
450 645 505 693 de
522 647 579 692 iis
596 662 701 710 quae
718 644 922 693 maxime
941 663 1041 695 rata
1075 649 1424 701 sunt2metuen-

49 711 152 760 ¹tem
168 710 348 760 soluere
364 745 379 768 ,
394 710 477 759 nifi
492 709 628 775 plane
654 710 852 761 nouiffet
866 732 971 780 quae
988 713 1038 760 fit
1069 717 1216 761 totius
1234 730 1421 770 natura,

52 775 131 828 sed
141 777 410 828 fabulosum
425 777 602 843 aliquid
618 778 923 844 suspicaretur
943 816 953 828 .
974 782 1102 828 Non·
1130 784 1289 845 itaque
1306 779 1419 829 lice—-

44 855 127 895 'ret
141 845 316 914 absque
335 844 627 913 phyfiologia
652 851 859 913 accipere
887 847 1097 912 synceras
1126 845 1410 912 voiuptates,
1454 844 1490 903 Β

54 931 211 980 neque
230 914 461 980 prodefl'et
478 913 661 981 aliquid
677 912 937 961 humanam
967 913 1046 961 fibi
1067 930 1229 980 parare
1248 916 1417 962 securi-
1437 934 1511 981 433

55 995 377 1048 tatem,quum
396 983 441 1027 8<
458 977 654 1048 superna
675 984 718 1027 &
735 999 840 1047 quae
859 980 939 1029 sub
957 996 1080 1029 terra
1095 981 1200 1028 sunt
1214 980 1418 1046 suspecta

55 1045 219 1105 effent,
239 1066 290 1096 ac
306 1044 578 1112 simpliciter
596 1063 700 1114 quae
716 1046 820 1095 sunt
837 1053 885 1096 in
913 1046 1103 1096 infinito
1118 1080 1134 1103 ,
1160 1064 1311 1113 quum
1328 1047 1420 1097 hu·-

57 1132 197 1163 mana
212 1115 432 1164 securitas
451 1115 595 1164 fuerit
619 1114 762 1179 vsque
774 1115 832 1163 ad
850 1111 1030 1182 aliquid
1048 1149 1064 1172 ,
1085 1114 1326 1181 virtusque
1343 1119 1420 1164 in-

56 1186 189 1239 nixa,
210 1187 253 1230 &
274 1179 516 1248 puriffima
545 1179 828 1230 foecunditas
854 1181 937 1238 fit,
958 1200 1064 1248 quae
1094 1200 1149 1230 ex
1181 1188 1341 1247 quiete
1371 1188 1417 1230 «Sc

56 1248 221 1298 multis
237 1248 451 1298 cedendo
465 1250 683 1298 securitas
700 1251 1144 1313 prouenit.Naturae
1161 1266 1273 1314 opes
1292 1246 1421 1297 diffi-
1472 1260 1474 1266 ’

57 1320 168 1367 nitae
186 1322 232 1368 &
248 1315 482 1382 parabiles
494 1316 599 1365 sunt
616 1336 627 1364 :
643 1316 794 1381 porro
809 1319 1018 1364 inanium
1047 1321 1330 1381 opinionum
1347 1315 1422 1362 di-

57 1388 186 1433 uitiae
211 1389 261 1432 in
277 1381 521 1433 infinitum
538 1384 771 1432 excedunt
793 1419 805 1431 .
832 1386 995 1431 Breuis
1010 1380 1204 1449 sapienti
1224 1383 1420 1430 fortuna
1472 1381 1474 1383 ’

57 1450 466 1519 subincidit.Qae
485 1451 599 1501 vero
616 1450 718 1498 sunt
737 1454 947 1498 maxima
975 1455 1015 1498 &
1038 1454 1089 1498 in
1106 1454 1275 1516 primis
1299 1464 1421 1506 rata,
1472 1494 1474 1503 <

54 1517 288 1584 'disposuit
303 1522 445 1574 rati0,
463 1524 507 1567 &
529 1534 758 1585 perpetuo
773 1522 880 1566 vitae
894 1532 1112 1583 tempore
1128 1516 1336 1584 disponit
1352 1531 1424 1564 at-
1461 1516 1506 1563 C

59 1603 155 1652 que
187 1586 402 1652 disponet
422 1622 432 1632 .
448 1586 596 1635 Iustus
626 1584 651 1636 a
680 1583 1040 1651 perturbatione
1067 1582 1425 1640 remotiffimus,
1473 1599 1475 1601 ·

51 1652 253 1718 =iniustus
272 1649 388 1701 vero
407 1652 764 1719 perturbatione
780 1649 942 1718 plenus
961 1651 1040 1700 est.
1056 1653 1179 1700 Non
1195 1650 1355 1700 crescit
1373 1655 1425 1698 in
1473 1659 1475 1716 }

59 1727 202 1768 carne
229 1717 447 1783 voluptas
464 1754 480 1778 ,
500 1738 650 1787 quum
679 1716 819 1768 semel
848 1718 981 1786 quod
998 1736 1079 1785 per
1110 1717 1424 1787 indigentiam

59 1784 272 1844 dolebat,v
288 1787 496 1837 ablatum
511 1786 592 1841 est,
611 1787 686 1836 sed
701 1784 852 1836 solum
869 1790 1093 1834 variatur.
1110 1786 1265 1835 Porro
1289 1803 1427 1833 men-

61 1858 122 1903 tis
138 1853 244 1903 finis
261 1887 277 1910 ,
293 1853 434 1905 finem
453 1860 534 1922 qui
554 1853 809 1903 secundum
837 1851 1129 1919 voluptatem
1147 1852 1211 1901 est
1240 1856 1425 1920 genuit,
1472 1858 1477 1926 ξ

60 1920 564 1989 hortimqueipsorum
584 1955 600 1979 ,
625 1926 670 1970 &
689 1939 856 1970 eorum
874 1939 979 1988 quae
1008 1919 1083 1970 his
1113 1918 1272 1968 affinia
1299 1919 1423 1975 sunt,

0 2018 2 2027 ·
61 1987 231 2038 electio
247 1995 485 2039 maximos
505 1987 721 2056 quosque
739 2005 890 2037 metus
906 1992 1069 2036 animo
1087 2003 1239 2053 parat.
1257 1985 1428 2049 Infini-

61 2071 166 2106 tum
183 2072 371 2125 tempus
404 2076 456 2107 ac
472 2057 659 2115 finitum
676 2073 861 2124 aequam
881 2053 1024 2103 habet
1042 2054 1360 2121 voluptatem,
1370 2051 1428 2100 fi·-

0 2144 5 2157 ·
62 2122 444 2193 q-uis‘voluptatis
459 2124 598 2192 ipfius
617 2123 729 2172 fines
751 2127 936 2172 ratione
954 2123 1329 2173 metiatur.Nam
1347 2136 1426 2168 ca-

0 2214 5 2223 ·
60 2209 120 2242 ro
139 2190 391 2258 voluptatis
421 2192 535 2241 fines
552 2194 730 2256 accepit
756 2190 1001 2246 infinitos,
1020 2187 1356 2255 infinitumque
1386 2190 1428 2234 i-
1460 2194 1511 2256 Ι)

0 2251 4 2263 ’
47 2276 51 2319 ι
62 2259 200 2328 psum
219 2259 363 2310 efficit
391 2276 594 2327 tempus.
612 2256 766 2308 Porro
785 2275 917 2308 mens
938 2260 1089 2307 carnis
1104 2255 1249 2304 finem
1264 2268 1315 2303 ac
1331 2269 1429 2303 ter-
1475 2271 1477 2304 3

48 2321 252 2381 {minum
268 2332 453 2377 ratione
470 2327 781 2395 pertractans,
796 2324 1067 2391 aeternisque
1084 2338 1221 2372 exuta
1235 2324 1429 2370 timori-
1475 2333 1478 2386 ξ

49 2391 174 2455 3bus,
187 2399 336 2444 vitam
355 2400 490 2444 omni
507 2412 562 2444 ex
594 2408 726 2460 parte
753 2390 1132 2441 consummatam
1164 2389 1301 2438 fecit.
1326 2389 1428 2438 Ni-
1476 2394 1478 2447 ζ

63 2461 227 2529 hi'lque
243 2466 340 2510 iam
354 2461 544 2511 infinito
561 2476 778 2525 tempore
795 2476 915 2526 opus
949 2457 1202 2508 habuimus
1222 2489 1238 2513 ,
1254 2454 1333 2504 sed
1346 2473 1430 2504 ne-
1476 2458 1477 2462 ’

50 2548 161 2597 ·que
180 2527 477 2597 voluptatem
494 2528 638 2596 quide
654 2525 835 2595 effugit,
853 2545 910 2575 ne
926 2541 1027 2574 tum
1046 2524 1260 2592 quidem,
1276 2540 1429 2588 quum
1476 2537 1477 2587 j

64 2601 243 2646 exitum
261 2616 317 2646 ex
332 2601 427 2647 vita
441 2595 668 2645 molestiae
687 2611 763 2661 atq
773 2613 829 2642 ue
843 2598 1103 2646 anxietates
1118 2588 1433 2657 compellunt,
1476 2596 1478 2619 ῑ

65 2664 196 2731 quafi
210 2662 392 2731 aliquid
409 2665 555 2714 beatae
572 2667 680 2712 vitae
693 2660 918 2710 desiderat
935 2665 988 2708 in
1018 2676 1111 2727 qua
1136 2662 1242 2707 vitae
1272 2661 1437 2707 termi-
1477 2665 1479 2668 '

52 2748 156 2801 nos
174 2732 372 2802 noscens
390 2766 409 2793 ,
426 2749 528 2797 non
542 2734 735 2803 ignorat
754 2727 901 2797 quam
919 2726 972 2778 sit
997 2723 1206 2842 parglgile
1223 2725 1270 2774 id
1300 2722 1434 2793 quod
1477 2787 1481 2814 '
