1801 3042
811 90 813 92 “
927 91 930 93 ’
967 92 971 93 ⁷
990 92 997 93 ⁷
1062 93 1065 94 ⁷
1124 94 1128 95 ⁷
1306 96 1312 97 ⁷
1482 95 1489 116 Υ

388 116 746 167 PLATO.
816 117 968 170 LIB.
1038 116 1153 171 III.
1391 127 1486 181 ¹¹5³

10 263 16 271 ἱ
87 200 245 252 ficium
262 203 492 271 supremae
507 205 649 254 causae
668 206 926 256 subieckum
942 208 1216 275 ‚vnt'imque
1234 204 1450 259 coelitum
1478 191 1540 264 §A
1574 203 1577 205 ’
1596 204 1604 205 ⁷

41 272 47 343 ᾗ
87 270 236 328 fuiffe,
253 290 351 319 non
377 272 635 321 infinitum:
654 274 788 339 quod
807 278 950 322 etiam
981 274 1220 340 exemplar
1237 275 1295 324 ad
1321 278 1453 343 quod
1478 283 1480 294 '

87 353 270 386 creatus
287 338 447 394 fuerit,
469 345 656 387 Vnicum
675 339 742 386 fit.
763 338 860 388 Effe
876 357 1033 388 autem
1051 344 1108 390 ad
1124 341 1312 406 spliaerae
1331 344 1458 391 fimi-

85 398 341 452 litudinem
358 406 791 471 rotundum2qu5d
809 407 1071 455 conditoris
1101 425 1152 455 ea
1185 426 1316 475 quoq
1327 430 1379 458 ue
1400 413 1455 458 fi-

119 488 200 518 ura
229 469 280 517 fit
297 507 308 519 .
339 469 478 519 Illum
499 475 677 538 quippe
696 489 880 520 caeteras
900 478 1145 521 continere
1165 480 1452 534 animantes,

84 486 214 585 {unc
231 554 388 585 autem
419 544 639 587 omnium
657 538 827 605 figuras
851 575 862 587 .
896 544 1073 589 Leuem
1091 540 1259 588 itidem
1281 548 1323 589 8(
1344 544 1452 592 abs-

81 620 178 671 que
192 600 288 652 vllo
317 622 400 670 per
431 622 602 673 gyrum
631 607 944 655 instrumento
963 642 976 664 ‚
995 608 1131 673 quod
1165 605 1445 660 huiusmodi

79 667 234 719 nullus
249 671 335 721 fibi
350 673 452 720 vsus
470 670 870 739 finImmortalem
886 690 1108 739 praeterea
1124 675 1291 723 durare
1306 693 1449 724 mun-—

80 736 213 793 dum,
236 756 293 786 eo
312 738 447 805 quod
463 757 562 787 non
579 737 848 788 dissoluatur
865 743 916 789 in
932 742 979 788 id
997 740 1130 808 quod
1149 759 1246 789 non
1277 741 1354 790 est.
1373 747 1442 792 Ac

80 809 225 852 totius
242 810 555 873 generationis
571 807 756 855 causam
785 802 869 856 effe
885 806 1049 855 caelum
1065 841 1081 864 ,
1098 807 1234 875 quod
1254 807 1368 857 boni
1388 810 1441 858 fit

77 868 366 921 benefacere.
383 872 536 922 Porro
556 871 653 921 caeli
670 878 991 942 generationis
1021 891 1241 924 aurorem
1261 872 1437 926 summe
1482 882 1520 927 B

76 935 257 990 bonum
292 956 435 1006 atque
466 937 899 989 excellentissimum
921 977 931 988 .
951 944 1066 989 Eius
1086 948 1265 1008 quippe
1302 947 1434 1010 quod

75 1002 127 1052 fit
144 1007 196 1052 in
213 1005 352 1054 rebus
368 1007 576 1055 conditis
593 1006 971 1074 pulcherrimum
990 1040 1005 1063 ,
1028 1026 1135 1057 eum
1153 1008 1238 1059 ess'e
1267 1012 1436 1059 condi-

71 1085 246 1129 torem,
263 1092 407 1140 quem
422 1071 789 1143 intelligibilium
807 1078 1024 1123 omnium
1042 1076 1189 1125 cGstet
1217 1075 1436 1144 effepraey

73 1135 418 1189 stantiffimum.
434 1143 602 1207 Itaque
633 1145 865 1208 quoniam
892 1140 1158 1191 huiusmodi
1191 1144 1322 1192 Deus
1351 1144 1433 1202 est,

70 1203 235 1254 caelum
261 1206 375 1256 vero
407 1207 778 1274 praestantiffimo
809 1207 877 1257 illi
903 1205 1047 1257 limile
1076 1209 1166 1268 est,
1199 1214 1432 1277 quoniam

68 1269 447 1338 pulcherrimum
465 1279 675 1325 cernitur
692 1309 708 1335 ,
724 1273 841 1327 nulli
865 1291 1090 1324 creaturae
1117 1281 1205 1326 erit
1235 1276 1429 1327 fimilius

67 1337 218 1405 quxim
236 1343 346 1391 Deo
367 1340 470 1391 soli.
491 1341 721 1393 Constare
735 1344 850 1394 vero
879 1341 1112 1391 mundum
1147 1362 1202 1393 ex
1232 1347 1361 1412 igne,
1377 1363 1430 1393 a·

66 1422 183 1473 qua,
194 1423 319 1465 aere,
341 1412 385 1457 &
402 1426 543 1458 terra.
560 1415 632 1459 Ex
645 1414 753 1480 igne
772 1410 993 1480 quidem,
1008 1424 1058 1458 vt
1073 1409 1263 1462 visibilis
1282 1412 1350 1460 fit:
1369 1430 1425 1460 ex

63 1486 209 1531 terra,
225 1489 275 1524 vt
290 1472 466 1525 solidus
484 1494 495 1524 τ
511 1495 566 1525 ex
585 1494 708 1546 aqua
727 1482 772 1528 &
791 1495 919 1535 aere,
934 1493 985 1526 vt
998 1483 1311 1544 proportione
1326 1497 1427 1528 non

63 1555 213 1590 vacet:
234 1540 446 1610 (nanque
461 1542 721 1594 solidorum
736 1548 809 1596 vis
826 1544 1014 1595 duobus
1031 1544 1238 1595 maxime
1253 1547 1420 1596 mediis
1459 1547 1506 1598 C
1572 1560 1579 1614 ζ

62 1613 432 1674 proportionem
448 1610 675 1669 sumit5vt
693 1628 838 1662 vnum
852 1611 931 1660 fiat
946 1610 1040 1661 hoc
1068 1627 1225 1662 totum
1244 1614 1267 1678 )
1290 1631 1343 1664 ex
1366 1632 1422 1662 0-

61 1675 251 1725 mnibus
264 1675 456 1735 vcro,vt
468 1679 728 1746 perfectum
744 1693 888 1748 atque
903 1678 1175 1729 immortale
1193 1680 1422 1729 fit.Tem-

59 1740 240 1809 pusque
274 1744 547 1811 sempiterni
577 1750 836 1815 imaginem
867 1741 997 1795 fuiffe
1018 1781 1033 1803 ,
1064 1746 1208 1815 idque
1237 1747 1419 1814 semper

60 1812 386 1862 manereCaeli
401 1830 559 1861 autem
575 1829 730 1862 motus
747 1829 934 1880 tempus
953 1810 1273 1864 efle.No&em
1290 1819 1415 1864 enim
1443 1825 1527 1870 125

59 1893 113 1926 ac
130 1877 256 1927 diem
271 1895 323 1928 ac
342 1877 548 1928 mensem
567 1886 610 1929 &
642 1879 916 1930 huiusmodi
932 1896 1097 1930 caetera
1123 1878 1211 1931 efl'e
1227 1897 1420 1950 tempo-

57 1946 123 1992 ris
139 1961 310 2012 partes.
327 1948 509 1998 idcirco
527 1946 701 2016 absque
718 1949 883 1997 mundi
904 1963 1070 1996 natura
1085 1966 1187 1997 non
1204 1949 1416 2000 constare

56 2025 242 2077 tempus
262 2033 273 2062 z
293 2013 422 2064 simul
437 2019 565 2064 enim
579 2032 720 2083 atque
737 2015 956 2065 conditus
978 2013 1142 2073 fuerit,
1161 2020 1205 2064 &
1224 2032 1413 2084 tempus

54 2076 124 2127 illi
140 2077 331 2130 affuifl'e.
349 2083 504 2133 Porro
516 2081 622 2150 post
640 2086 873 2150 temporis
890 2086 1319 2151 generationem‚&
1339 2085 1419 2133 so-

53 2142 168 2204 lem,
187 2152 232 2196 &
249 2145 429 2207 lunam,
449 2154 493 2198 &
514 2154 717 2200 errantia
730 2153 907 2220 genita.
929 2151 993 2199 Vt
1006 2164 1163 2199 autem
1179 2148 1412 2200 horarum

52 2213 326 2265 manifestus
346 2222 392 2266 &
409 2233 564 2266 certus
579 2211 683 2266 esset
697 2232 938 2273 numerus,
950 2216 1304 2285 animantesque
1322 2236 1413 2266 nu·
1444 2221 1495 2269 D

24 2263 28 2343 l
51 2284 172 2329 meri
212 2300 314 2331 non
342 2279 483 2334 effent
510 2300 724 2350 expertes
751 2317 770 2341 ,
797 2278 1052 2333 accendisse
1095 2280 1207 2332 solis
1249 2285 1409 2333 radios

25 2366 28 2390 τ
50 2347 229 2398 Deum.
247 2352 433 2400 Lunam
450 2351 644 2419 quidem
659 2351 797 2417 supra
827 2354 1113 2400 eminentem
1146 2367 1283 2400 terrae
1313 2355 1411 2400 cir-

17 2447 19 2449 -
48 2410 227 2472 culum,
242 2415 390 2466 solem
417 2422 616 2485 propius
644 2419 753 2468 huic
769 2417 876 2467 orbi
892 2449 909 2473 ,
926 2421 974 2464 in
988 2416 1309 2484 superioribus
1326 2435 1409 2468 ve-

47 2481 108 2532 τὸ
124 2481 241 2550 vaga
269 2482 413 2534 fidera
428 2485 560 2535 ferri.
575 2482 675 2536 Effe
698 2484 888 2554 prorsus
909 2488 1172 2534 animatum
1188 2519 1206 2542 ,
1224 2487 1339 2552 quia
1353 2484 1407 2533 fit

18 2579 21 2590 ·
46 2551 260 2598 animato
276 2556 432 2601 motui
448 2553 690 2603 deuinstus
707 2558 753 2602 δε
771 2550 983 2620 alligatus
998 2586 1013 2612 ρ
1040 2556 1107 2604 Vt
1123 2568 1279 2601 autem
1297 2569 1407 2615 per-

45 2612 260 2666 ficeretur
277 2616 354 2668 hic
370 2620 577 2670 mundus
596 2653 611 2677 ,
628 2615 830 2687 effe‘tque
859 2616 1017 2669 fimilis
1048 2615 1333 2688 intelligibili
1352 2634 1404 2664 a-

43 2685 247 2733 nimanti
261 2685 496 2742 ‚aliorum
526 2705 723 2756 quoque
742 2684 1023 2737 animalium
1048 2687 1288 2736 conditam
1318 2681 1406 2734 effe
1467 2695 1474 2746 ξ

44 2765 277 2820 naturam.
295 2754 551 2827 Qoniam
562 2758 710 2829 igitur
725 2751 805 2810 ille
814 2752 1026 2812 habebat
1044 2771 1054 2801 ε
1083 2751 1244 2802 caelum
1277 2768 1403 2824 quoa
1469 2759 1473 2816 ζ

32 2827 37 2829 ’
100 2819 101 2822 ‘
179 2824 182 2826 ’
457 2825 501 2830 ··
1061 2820 1188 2892 κῆρ,
1468 2825 1474 2892 i

1468 2894 1473 2924 ι

1467 2991 1473 3002 Ι

1466 3012 1471 3042 ι’
