1801 3042
584 41 660 89 ¹32
938 23 1261 75 DIOG.
1331 23 1704 77 LAER'I'.¹>

483 110 534 165 ‘A
575 111 817 164 Crantore
834 124 1034 181 quoque
1049 113 1119 163 sui
1138 116 1191 162 in
1204 111 1649 181 primisffludiosum
1664 114 1794 177 fecit.

579 182 606 230 εὶ
621 199 734 230 cane
750 180 941 229 rabioso
957 183 1222 248 impeditus
1240 181 1354 230 dum'
1369 180 1527 228 suram
1544 181 1708 231 m'orsu
1722 181 1801 230 difi

577 265 671 306 ret,
687 267 745 296 ne
763 246 989 315 expalluit
1021 249 1217 316 quidem
1236 267 1248 295 z
1265 244 1570 316 tumultuque
1599 253 1651 298 in
1667 252 1801 298 ciuita

581 332 753 374 citato³
771 331 1076 383 percontatus
1103 316 1336 383 quidnam
1370 317 1638 384 contigisset
1654 341 1672 373 ,-
1689 319 1801 364 imrr

582 383 806 452 perstitit.
820 387 878 432 In
892 383 1092 433 theatris
1110 402 1244 450 quoq
1253 402 1309 432 ue
1324 380 1449 431 nulla
1469 385 1775 432 miseratione
1794 401 1801 430 ι

587 454 744 504 batur.
768 451 1053 500 Nicostrato
1073 456 1198 499 enim
1215 466 1358 517 poeta
1381 485 1397 508 ,
1418 455 1503 518 qui
1536 456 1801 521 cognomin

589 519 972 586 Clytaemnestra,
989 518 1218 586 quiddam
1239 519 1322 567 sibi
1343 521 1526 568 Crateti
1567 538 1624 569 ue
1643 518 1801 568 recitat

595 606 690 656 que
708 590 761 635 in
777 584 999 653 affectum
1017 586 1447 635 commiserationis
1466 537 1760 644 tracilatthc
1779 589 1801 634 i·

593 658 847 712 seuerauit‚
863 653 951 703 acii
964 672 1064 702 non
1076 650 1337 702 audiuiffet.
1368 653 1614 703 Eiusmodi
1632 669 1790 703 autem

599 723 679 774 ἃὸ
697 722 786 770 fuit
820 720 1014 790 qualem
1030 716 1255 770 describit
1273 718 1565 770 Melanthius
1584 724 1740 788 pictor
1756 726 1801 769 in

516 784 557 835 B
599 794 676 843 De
692 792 899 856 pieturai
914 792 997 838 Ait
1011 793 1139 838 enim
1157 803 1380 856 oportere
1397 794 1751 840 contumaciam
1768 808 1800 856 q

601 874 747 926 atque
763 858 993 906 duritiam
1011 856 1237 925 operibus
1259 862 1302 905 &
1323 856 1545 905 moribus
1563 876 1620 906 ex
1641 875 1782 925 aequo

605 929 721 977 rari.
737 923 938 975 Polemo
953 940 1113 974 autem
1136 924 1322 975 dicebat
1359 940 1585 991 oportere
1612 930 1663 974 in
1679 924 1796 975 rebu

607 998 843 1051 ceri‚n0n
869 998 922 1042 in
941 990 1198 1042 dialecticis
1226 991 1633 1059 speculationibus
1650 1025 1667 1050 ‚
1697 1011 1756 1042 ne
1784 992 1801 1042 l

500 1063 587 1123 146
611 1060 857 1131 quandam
875 1076 1028 1110 artem
1046 1060 1291 1110 sorbentes
1310 1075 1453 1128 atque
1471 1060 1775 1118 meditantes,
1799 1089 1801 1101 ι

612 1129 947 1200 rogationibus
973 1128 1281 1178 admirationi
1310 1126 1579 1185 habentur,
1598 1127 1767 1178 affestu
1795 1139 1801 1175 1

615 1198 918 1265 repugnaret.
937 1202 1053 1245 Erat
1069 1199 1215 1265 igitur
1234 1195 1443 1246 vrbanus
1463 1195 1682 1245 adiuncta
1699 1196 1801 1244 seue

617 1266 803 1316 stantia:
822 1265 966 1333 idque
990 1263 1208 1334 fugiebat
1226 1263 1360 1332 quod
1379 1264 1438 1313 de
1456 1264 1685 1332 Euripide
1703 1262 1801 1313 scril

618 1332 874 1401 stophanes
891 1367 908 1390 ,
923 1332 1113 1380 acidum
1139 1351 1248 1382 eum
1266 1347 1411 1399 atque
1425 1332 1643 1398 asperum
1655 1348 1801 1381 vocan

623 1420 716 1470 que
733 1402 848 1450 vero
868 1401 1029 1455 sedens
1048 1400 1238 1449 dicebat
1257 1418 1407 1466 quum
1438 1399 1799 1469 rogaretur,'sed

536 1465 590 1533 C
624 1468 743 1521 lans.
759 1473 928 1535 Itaque
945 1485 1143 1536 propter
1159 1469 1400 1518 summum
1419 1469 1678 1535 probitatis
1709 1466 1801 1516 stud

623 1542 816 1590 ciuitate
832 1535 1182 1585 honorabatur.
1200 1533 1414 1585 Maxime
1427 1552 1586 1586 autem
1604 1533 1710 1605 post
1726 1534 1801 1584 dea

626 1610 814 1657 tionem
834 1604 1104 1672 quiescebat
1119 1610 1171 1654 in
1196 1601 1392 1653 hortulo
1410 1638 1426 1662 ,
1444 1609 1576 1653 iuxta
1605 1620 1752 1672 quem
1783 1603 1801 1651 ε’

626 1673 912 1725 constructis
930 1673 1159 1722 breuibus
1178 1670 1432 1741 tuguriolis
1460 1690 1614 1740 prope
1628 1667 1801 1722 scholai

584 1766 585 1769 ¹
629 1742 868 1809 <iramque
885 1739 1186 1790 habitabant.
1207 1741 1408 1790 Videtur
1422 1755 1580 1790 autem
1609 1737 1801 1793 Polemc

632 1826 814 1860 cratem
834 1813 884 1856 in
903 1811 1085 1858 cunctis
1103 1808 1346 1858 aemulatus
1361 1838 1376 1866 9
1398 1808 1605 1877 cumque
1618 1803 1786 1857 amasse

634 1896 723 1947 pus
739 1881 787 1925 in
801 1893 976 1944 quarto
991 1878 1067 1926 De
1085 1881 1297 1942 antiquis
1315 1875 1492 1926 deliciis
1507 1876 1801 1941 refert.Scmp

638 1944 764 1997 illius
781 1947 1105 1994 innocentiam
1127 1950 1169 1993 &
1185 1945 1439 1995 siccitatem
1454 1942 1655 1994 Polemo
1680 1948 1731 1991 in
1747 1960 1801 1990 or

642 2014 752 2065 bat:
770 2014 989 2061 induerat
1004 2010 1126 2061 illius
1148 2031 1346 2080 quoque
1361 2018 1644 2083 grauitatem
1660 2027 1678 2068 ·,
1694 2007 1801 2060 velu

644 2100 728 2132 cus
747 2080 942 2148 quidam
961 2085 1009 2128 in
1028 2081 1199 2130 mufica
1217 2081 1388 2131 modus
1407 2120 1416 2130 .
1433 2087 1722 2130 ¹Eratautem
1758 2081 1801 2126 8<

558 2145 616 2215 Ι)
648 2148 730 2200 clis
753 2154 803 2197 in
819 2152 989 2216 primis
1007 2148 1237 2198 studiosus
1254 2182 1272 2206 ,
1288 2165 1431 2217 atque
1458 2153 1510 2197 in
1525 2146 1613 2198 illis
1639 2149 1801 2195 maxia

645 2218 729 2268 vbi
745 2222 872 2264 iuxta
901 2221 1120 2266 comicos
1150 2222 1279 2266 canis
1307 2217 1507 2285 quidam
1541 2212 1797 2266 Molofficu

647 2284 745 2336 vna
766 2301 989 2350 poemata
1005 2281 1152 2334 feciffe
1182 2284 1457 2334 videbatur:
1475 2289 1521 2333 8(
1539 2283 1781 2350 vbi(1uxta

650 2352 826 2417 chum)
843 2355 910 2400 no
925 2350 1072 2401 elatus
1091 2370 1170 2401 aut
1189 2353 1429 2411 turbidus,
1445 2352 1521 2401 sed
1540 2357 1671 2400 mitis
1684 2356 1801 2398 incer

652 2420 865 2490 placidus
885 2455 897 2468 .
923 2420 1128 2469 Dicebat
1153 2425 1281 2470 enim
1313 2422 1582 2469 Homerum
1609 2418 1801 2487 quidem

654 2485 743 2538 effe
758 2485 1061 2553 Sophoclem,
1079 2486 1365 2555 Sophoclem
1399 2492 1516 2538 vero
1534 2487 1752 2537 Homert‘i
1767 2498 1801 2531 ti

656 2555 809 2605 Obiit
824 2560 921 2605 iam
934 2553 1185 2606 vetulusex
1201 2553 1398 2624 phthisi,
1415 2554 1705 2622 reliquitque
1718 2569 1801 2620 opt

589 2624 592 2625 ⁷
653 2624 763 2676 sane*
776 2639 944 2697 pauca.
981 2621 1224 2678 Nostrum
1239 2623 1304 2678 est
1322 2620 1413 2679 tale
1439 2624 1496 2679 de
1523 2641 1582 2679 co
1596 2639 1801 2690 carmena
