1801 3042
287 72 411 171 ἶνα,
693 80 1393 151 DIOQLAERT.

240 170 300 230 Al
324 196 430 245 quae
443 176 665 227 videntur
683 178 781 227 non
795 176 1059 247 repugnant
1075 216 1087 228 .
1106 170 1440 246 Qalitatibus
1469 170 1718 244 praeterea,

325 249 357 297 fi
371 245 429 293 ab
446 244 542 300 hoc
556 260 635 294 aut
652 243 811 294 abillo
827 248 877 295 fit
893 246 1226 315 causa.Neque
1244 252 1479 296 coniicere
1494 243 1606 301 licet
1622 242 1712 310 quii

326 315 430 364 fieri
445 329 589 381 atque
617 312 832 363 constare
867 310 1053 380 possunt
1084 321 1416 364 concretiones
1450 315 1570 362 aeris
1589 345 1605 367 ,
1622 316 1717 358 im-

329 379 589 451 preffiones
615 397 872 431 ventorum
893 416 909 438 ,
938 396 1083 448 atque
1113 380 1466 449 implicationes
1507 379 1550 428 se
1584 382 1716 426 inui-
1744 390 1749 433 ε

330 467 438 500 cem
452 450 682 498 tenetium
697 466 1000 506 atomorum,
1016 455 1061 498 &
1077 469 1246 499 eorum
1263 468 1367 517 quae
1386 448 1442 496 ad
1462 445 1554 497 hoc
1568 463 1718 515 agen-
1745 443 1750 457 '

332 519 448 566 dum
465 518 640 566 idonea
651 518 757 566 sunt
772 551 789 574 ,
808 515 1091 585 fluxumque
1109 537 1166 567 ex
1185 535 1309 567 terra
1325 515 1552 583 aquisque
1572 511 1722 561 colle-

333 587 543 635 &ionem
550 602 713 652 ,atque
728 586 884 634 modis
898 583 1004 633 aliis
1017 583 1516 651 plurimishuiusmodi
1533 580 1722 630 costanm

304 718 306 721 ᾖ
333 657 423 702 tias
439 653 538 701 fieri
555 651 842 720 impoffibile
858 671 960 701 non
980 653 1043 701 est
1062 691 1075 702 .
1092 658 1192 702 Iam
1207 654 1325 703 vero
1343 657 1393 701 in
1409 655 1466 700 iis
1482 665 1660 718 partim
1674 646 1719 696 se
1800 691 1801 700 ,

334 718 692 779 collidentibus,
707 728 886 788 partim
899 721 1016 770 vero
1036 722 1355 776 mutantibus,
1372 736 1520 786 aquas
1539 715 1724 783 perfici,
1746 770 1749 775 ¹

342 794 387 837 δε
403 790 542 838 vetos
557 795 675 839 item
691 808 774 856 per
789 787 1075 839 relationem
1089 809 1144 838 ex
1159 787 1278 838 locis
1294 789 1496 844 idoneis,
1511 787 1625 835 dum
1641 800 1725 849 per

259 842 302 892 B
338 874 495 906 aerem
513 873 790 907 mouentur.
807 857 907 907 Vbi
923 857 1176 907 inundatio
1190 855 1524 907 vehementior
1541 871 1595 902 ex
1613 853 1728 919 qui-

339 924 537 974 busdam
554 925 613 974 ad
627 924 903 975 huiusmodi
921 923 1234 974 immiffiones
1263 925 1450 973 idoneis
1474 923 1730 971 conuenti-

337 993 425 1044 bus
442 994 563 1042 facta
576 993 720 1042 fuerit
737 1027 753 1051 ,
771 997 978 1042 tonitrus
1006 992 1108 1041 fieri
1134 990 1257 1061 poss'e
1273 1027 1290 1050 ,
1308 1010 1361 1041 ac
1377 1009 1460 1058 per
1474 990 1663 1058 spiritus
1678 991 1732 1035 in

229 1074 315 1138 '413
341 1066 566 1111 concauis
598 1061 800 1110 nubium
817 1060 1148 1110 euolutionem
1166 1063 1279 1110 sicut
1291 1064 1341 1107 in
1371 1057 1484 1107 vafis
1504 1059 1729 1123 cotingit.
1762 1084 1767 1112 1

312 1187 314 1189 ¹
340 1132 501 1197 Atque
518 1149 572 1179 ex
591 1133 699 1197 igne
714 1130 949 1196 inspirato
975 1129 1186 1178 sonitum
1220 1131 1271 1176 in
1288 1127 1393 1196 ipfis
1410 1125 1513 1174 fieri
1531 1161 1547 1184 ,
1569 1131 1613 1175 &
1631 1128 1731 1174 fra-
1748 1128 1768 1184 ξ

314 1242 316 1244 .
342 1200 522 1247 &iones
539 1199 740 1247 nubium
754 1213 899 1265 atque
931 1195 1223 1247 diffidentias
1256 1213 1310 1244 ac
1339 1194 1733 1247 confricationeS,
1765 1205 1767 1241 ὲ

315 1285 317 1287 ’
340 1281 487 1334 atque
505 1267 699 1317 ordines
717 1283 822 1333 quae
838 1268 1169 1316 cocretionem
1186 1262 1351 1334 glaciei
1381 1261 1522 1311 instar
1539 1278 1739 1327 accepe-
1765 1276 1769 1294 ¹

343 1339 461 1383 rint.
480 1341 539 1383 Et
551 1339 601 1383 in
616 1350 776 1383 totum
791 1334 850 1383 ad
864 1332 989 1383 hanc
1004 1348 1263 1398 partem,vt
1279 1328 1438 1380 multis
1453 1331 1610 1380 modis
1620 1329 1735 1401 fieri

343 1402 501 1453 dicere
520 1401 758 1470 possumus
777 1419 883 1470 quae
897 1402 1088 1450 videtur
1103 1399 1351 1450 inducunt.
1369 1399 1757 1449 Coruscationes·

344 1474 463 1519 item
481 1472 643 1521 eadem
664 1473 849 1519 ratione
869 1469 1027 1518 modis
1046 1468 1264 1536 plurimis
1281 1467 1538 1516 fieri.Nam
1553 1484 1636 1532 per
1650 1467 1738 1514 εὖ·

275 1527 325 1577 (ἶ
345 1539 655 1589 fricationem
683 1536 1077 1604 collisionemque
1107 1537 1311 1586 nubium
1330 1568 1346 1591 ,
1375 1534 1575 1605 figuram
1605 1531 1738 1582 illam
1756 1529 1762 1536 ⁸

318 1607 322 1662 ῗ
346 1612 470 1676 ignis
497 1607 779 1658 effectricem
810 1605 1098 1662 elabentem,
1116 1604 1499 1655 coruscationem
1517 1606 1736 1672 gignere,

321 1682 322 1685 ’
349 1678 618 1743 statumque
650 1694 706 1726 ex
736 1674 944 1724 nubibus
971 1671 1138 1722 talium
1169 1688 1432 1738 corporum
1473 1688 1578 1738 quae
1608 1668 1740 1719 hunc

348 1743 651 1813 splendorem
669 1741 895 1800 efficiant,
912 1746 956 1790 &
976 1759 1058 1808 per
1075 1739 1331 1809 press‘uram
1347 1754 1426 1787 aut
1444 1736 1742 1787 collifionem

349 1813 556 1864 nubium
569 1811 735 1869 fit,fiue
749 1810 809 1860 ab
824 1810 867 1859 se
885 1809 1208 1865 inuicem,fiue
1224 1806 1249 1857 ὲ
1263 1812 1492 1862 ventis,&
1506 1823 1591 1874 per
1605 1823 1744 1855 com-

349 1881 627 1949 plexionem
644 1896 696 1928 ea
711 1897 818 1946 quae
844 1876 871 1928 ὲ
887 1877 1113 1927 fidei-ibus
1129 1892 1292 1925 manat
1308 1876 1350 1924 se
1368 1874 1600 1925 inserente
1619 1872 1744 1930 luce,

352 1950 444 1999 fiue
466 1948 492 2000 ὲ
510 1965 649 1997 motu
664 1949 865 1996 nubium
883 1945 1205 2012 vetori'inique
1222 1940 1539 2011 compulsa,&
1557 1960 1641 2009 per
1655 1961 1747 1991 nu·-

353 2018 436 2067 bes
451 2017 718 2072 decidente,
737 2016 827 2064 fiue
845 2033 928 2082 per
947 2011 1254 2063 collationem
1273 2009 1531 2060 tenuissimi
1545 2010 1760 2060 nubium

355 2084 570 2142 luminis,
587 2089 666 2133 aut
682 2102 737 2132 ex
753 2088 861 2152 igne
876 2086 1063 2132 coactas
1080 2081 1231 2130 nubes
1248 2078 1432 2130 efficere
1450 2083 1676 2135 tonitrus,
1698 2083 1743 2127 &

272 2189 324 2241 D
359 2173 445 2221 per
458 2153 603 2203 huius
620 2168 829 2208 motum,
842 2156 885 2200 &
902 2169 983 2219 per
998 2153 1123 2220 ignis
1139 2152 1529 2215 euaporationem
1546 2165 1651 2214 quae
1667 2145 1749 2195 fiat

253 2243 256 2246 ⁴
357 2242 442 2292 per
461 2220 773 2272 constantiam
788 2235 969 2277 motus,
983 2216 1390 2283 volubilitatisque
1406 2214 1749 2264 vehemetiam.

328 2310 332 2316 *
359 2294 627 2344 Prafflones
645 2307 843 2357 quoque
863 2288 1065 2338 nubium
1086 2285 1112 2335 ὲ
1126 2288 1246 2336 v'e‘tis
1267 2284 1423 2334 casum
1438 2282 1523 2332 effe
1539 2280 1750 2332 efficien-

359 2367 483 2410 tium
502 2363 626 2428 ignis
640 2374 938 2414 atomorum,
953 2352 1597 2419 coruscationisquespeciem
1616 2368 1753 2416 pera-

359 2431 595 2499 gentium.
614 2424 735 2478 Aliis
752 2430 865 2474 item
882 2425 1040 2473 modi's
1065 2421 1277 2490 pluribus
1295 2418 1432 2470 facile
1449 2423 1538 2469 erit
1552 2421 1754 2485 inspice-

361 2516 411 2546 re
428 2501 469 2545 ei
490 2499 638 2562 qui&
659 2513 765 2561 quae
782 2508 1012 2560 apparent
1039 2507 1193 2540 teneat
1209 2526 1223 2548 ,
1250 2490 1398 2556 iisque
1426 2485 1593 2536 fimilia
1608 2501 1755 2555 queat

361 2562 875 2631 conspicari.Praecedit
889 2577 1046 2609 autem
1064 2559 1330 2610 coruscatio
1348 2559 1582 2604 tonitrum
1598 2559 1648 2604 in
1662 2553 1754 2603 hu·-

360 2633 567 2684 iusmodi
584 2628 967 2679 circunstantiam
986 2626 1206 2684 nubium,
1223 2631 1266 2675 &
1284 2624 1421 2692 quod
1449 2621 1580 2672 fimul
1608 2639 1751 2690 atque

361 2702 499 2751 flatus
519 2702 729 2753 irruerit,
747 2700 990 2745 emittatur
1006 2696 1156 2764 figura
1170 2695 1514 2743 coruscationis
1530 2689 1752 2739 efficiens.

333 2818 336 2821 Α
359 2766 679 2823 Postmodum
697 2763 812 2817 vero
828 2765 1018 2835 spiritus
1037 2761 1280 2816 inuolutus
1296 2759 1569 2813 huiusmodi
1589 2756 1754 2810 reddat

1744 2828 1778 2846 -Δ
